%YAML 1.1
%TAG !u! tag:unity3d.com,2011:
--- !u!64 &4909136849697871220
MeshCollider:
  m_ObjectHideFlags: 0
  m_CorrespondingSourceObject: {fileID: 0}
  m_PrefabInstance: {fileID: 0}
  m_PrefabAsset: {fileID: 0}
  m_GameObject: {fileID: 998324446425996819}
  m_Material: {fileID: 0}
  m_IsTrigger: 0
  m_Enabled: 1
  serializedVersion: 3
  m_Convex: 1
  m_CookingOptions: 14
  m_Mesh: {fileID: 2534964839176971238, guid: 9c02904e7a86d4d47a17be247057137a, type: 3}
--- !u!65 &8177413999111931865
BoxCollider:
  m_ObjectHideFlags: 0
  m_CorrespondingSourceObject: {fileID: 0}
  m_PrefabInstance: {fileID: 0}
  m_PrefabAsset: {fileID: 0}
  m_GameObject: {fileID: 998324446425996819}
  m_Material: {fileID: 0}
  m_IsTrigger: 0
  m_Enabled: 0
  serializedVersion: 2
  m_Size: {x: 2, y: 2.0000005, z: 0.16025285}
  m_Center: {x: 0, y: 0, z: 0.08012643}
--- !u!1 &1654647648454202650
GameObject:
  m_ObjectHideFlags: 0
  m_CorrespondingSourceObject: {fileID: 0}
  m_PrefabInstance: {fileID: 0}
  m_PrefabAsset: {fileID: 0}
  serializedVersion: 6
  m_Component:
  - component: {fileID: 1654647648454202654}
  - component: {fileID: 1654647648454202653}
  - component: {fileID: 1654647648454202652}
  - component: {fileID: 1654647648454202651}
  m_Layer: 0
  m_Name: floorSpotlight
  m_TagString: Untagged
  m_Icon: {fileID: 0}
  m_NavMeshLayer: 0
  m_StaticEditorFlags: 0
  m_IsActive: 0
--- !u!4 &1654647648454202654
Transform:
  m_ObjectHideFlags: 0
  m_CorrespondingSourceObject: {fileID: 0}
  m_PrefabInstance: {fileID: 0}
  m_PrefabAsset: {fileID: 0}
  m_GameObject: {fileID: 1654647648454202650}
  m_LocalRotation: {x: 0.7071068, y: -0, z: -0, w: 0.7071068}
  m_LocalPosition: {x: 0, y: 0, z: 0}
  m_LocalScale: {x: 12.329121, y: 12.329127, z: 12.329127}
  m_Children: []
  m_Father: {fileID: 1654647648700385043}
  m_RootOrder: 2
  m_LocalEulerAnglesHint: {x: 90, y: 0, z: 0}
--- !u!33 &1654647648454202653
MeshFilter:
  m_ObjectHideFlags: 0
  m_CorrespondingSourceObject: {fileID: 0}
  m_PrefabInstance: {fileID: 0}
  m_PrefabAsset: {fileID: 0}
  m_GameObject: {fileID: 1654647648454202650}
  m_Mesh: {fileID: 10210, guid: 0000000000000000e000000000000000, type: 0}
--- !u!23 &1654647648454202652
MeshRenderer:
  m_ObjectHideFlags: 0
  m_CorrespondingSourceObject: {fileID: 0}
  m_PrefabInstance: {fileID: 0}
  m_PrefabAsset: {fileID: 0}
  m_GameObject: {fileID: 1654647648454202650}
  m_Enabled: 1
  m_CastShadows: 0
  m_ReceiveShadows: 0
  m_DynamicOccludee: 1
  m_MotionVectors: 1
  m_LightProbeUsage: 1
  m_ReflectionProbeUsage: 1
  m_RenderingLayerMask: 1
  m_RendererPriority: 0
  m_Materials:
  - {fileID: 2100000, guid: 5a319f0592382476a9dd6060f182011f, type: 2}
  m_StaticBatchInfo:
    firstSubMesh: 0
    subMeshCount: 0
  m_StaticBatchRoot: {fileID: 0}
  m_ProbeAnchor: {fileID: 0}
  m_LightProbeVolumeOverride: {fileID: 0}
  m_ScaleInLightmap: 1
  m_ReceiveGI: 1
  m_PreserveUVs: 0
  m_IgnoreNormalsForChartDetection: 0
  m_ImportantGI: 0
  m_StitchLightmapSeams: 1
  m_SelectedEditorRenderState: 3
  m_MinimumChartSize: 4
  m_AutoUVMaxDistance: 0.5
  m_AutoUVMaxAngle: 89
  m_LightmapParameters: {fileID: 0}
  m_SortingLayerID: 0
  m_SortingLayer: 0
  m_SortingOrder: 0
--- !u!64 &1654647648454202651
MeshCollider:
  m_ObjectHideFlags: 0
  m_CorrespondingSourceObject: {fileID: 0}
  m_PrefabInstance: {fileID: 0}
  m_PrefabAsset: {fileID: 0}
  m_GameObject: {fileID: 1654647648454202650}
  m_Material: {fileID: 0}
  m_IsTrigger: 0
  m_Enabled: 0
  serializedVersion: 3
  m_Convex: 0
  m_CookingOptions: 14
  m_Mesh: {fileID: 10210, guid: 0000000000000000e000000000000000, type: 0}
--- !u!1 &1654647648700385042
GameObject:
  m_ObjectHideFlags: 0
  m_CorrespondingSourceObject: {fileID: 0}
  m_PrefabInstance: {fileID: 0}
  m_PrefabAsset: {fileID: 0}
  serializedVersion: 6
  m_Component:
  - component: {fileID: 1654647648700385043}
  - component: {fileID: 1654647648700385046}
  - component: {fileID: 8252956048281127796}
  m_Layer: 0
  m_Name: DoorSpot
  m_TagString: Untagged
  m_Icon: {fileID: 0}
  m_NavMeshLayer: 0
  m_StaticEditorFlags: 0
  m_IsActive: 1
--- !u!4 &1654647648700385043
Transform:
  m_ObjectHideFlags: 0
  m_CorrespondingSourceObject: {fileID: 0}
  m_PrefabInstance: {fileID: 0}
  m_PrefabAsset: {fileID: 0}
  m_GameObject: {fileID: 1654647648700385042}
  m_LocalRotation: {x: -0, y: -0, z: -0, w: 1}
  m_LocalPosition: {x: 0, y: 0, z: 0}
  m_LocalScale: {x: 1, y: 1, z: 1}
  m_Children:
  - {fileID: 9208106519083257419}
  - {fileID: 324677332263353484}
  - {fileID: 1654647648454202654}
  - {fileID: 4287878828293467136}
  - {fileID: 2794147300423273636}
  - {fileID: 8437122321786929073}
  - {fileID: 7594607460694672049}
  m_Father: {fileID: 0}
  m_RootOrder: 0
  m_LocalEulerAnglesHint: {x: 0, y: 0, z: 0}
--- !u!114 &1654647648700385046
MonoBehaviour:
  m_ObjectHideFlags: 0
  m_CorrespondingSourceObject: {fileID: 0}
  m_PrefabInstance: {fileID: 0}
  m_PrefabAsset: {fileID: 0}
  m_GameObject: {fileID: 1654647648700385042}
  m_Enabled: 1
  m_EditorHideFlags: 0
  m_Script: {fileID: 11500000, guid: e818c7b26aa7f453abb62cdce2bcae59, type: 3}
  m_Name: 
  m_EditorClassIdentifier: 
  SpotLight: {fileID: 1654647650422480369}
  SpotLightCone: {fileID: 7338492806035983164}
  SpotLightFloor: {fileID: 1654647648454202650}
  Doors: {fileID: 3664282515813387935}
  Tunnel: {fileID: 4849804864377982370}
  BoxCollider: {fileID: 8252956048281127796}
  Intensity1: 5
  Intensity2: 20
  CloseDuration: 0.3
  OpenDuration: 1.5
  CloseAnimationCurve:
    serializedVersion: 2
    m_Curve:
    - serializedVersion: 3
      time: 0
      value: 0
      inSlope: 0
      outSlope: 0
      tangentMode: 0
      weightedMode: 0
      inWeight: 0.33333334
      outWeight: 0.33333334
    - serializedVersion: 3
      time: 1
      value: 1
      inSlope: 0
      outSlope: 0
      tangentMode: 0
      weightedMode: 0
      inWeight: 0.33333334
      outWeight: 0.33333334
    m_PreInfinity: 2
    m_PostInfinity: 2
    m_RotationOrder: 4
  OpenAnimationCurve:
    serializedVersion: 2
    m_Curve:
    - serializedVersion: 3
      time: 0
      value: 0
      inSlope: 0.705445
      outSlope: 0.705445
      tangentMode: 0
      weightedMode: 0
      inWeight: 0.33333334
      outWeight: 0.053348467
    - serializedVersion: 3
      time: 1
      value: 1
      inSlope: 0
      outSlope: 0
      tangentMode: 0
      weightedMode: 0
      inWeight: 0.33333334
      outWeight: 0.33333334
    m_PreInfinity: 2
    m_PostInfinity: 2
    m_RotationOrder: 4
--- !u!65 &8252956048281127796
BoxCollider:
  m_ObjectHideFlags: 0
  m_CorrespondingSourceObject: {fileID: 0}
  m_PrefabInstance: {fileID: 0}
  m_PrefabAsset: {fileID: 0}
  m_GameObject: {fileID: 1654647648700385042}
  m_Material: {fileID: 0}
  m_IsTrigger: 1
  m_Enabled: 1
  serializedVersion: 2
  m_Size: {x: 2, y: 5.6, z: 4.4}
  m_Center: {x: 0, y: 2.3197193, z: 1.153759}
--- !u!1 &1654647650422480368
GameObject:
  m_ObjectHideFlags: 0
  m_CorrespondingSourceObject: {fileID: 0}
  m_PrefabInstance: {fileID: 0}
  m_PrefabAsset: {fileID: 0}
  serializedVersion: 6
  m_Component:
  - component: {fileID: 1654647650422480370}
  - component: {fileID: 1654647650422480369}
  m_Layer: 0
  m_Name: light
  m_TagString: Untagged
  m_Icon: {fileID: 0}
  m_NavMeshLayer: 0
  m_StaticEditorFlags: 0
  m_IsActive: 1
--- !u!4 &1654647650422480370
Transform:
  m_ObjectHideFlags: 0
  m_CorrespondingSourceObject: {fileID: 0}
  m_PrefabInstance: {fileID: 0}
  m_PrefabAsset: {fileID: 0}
  m_GameObject: {fileID: 1654647650422480368}
  m_LocalRotation: {x: 0.51253337, y: -0.17445827, z: -0.008392827, w: 0.840716}
  m_LocalPosition: {x: 4.03, y: 10.33, z: -4.91}
  m_LocalScale: {x: 1, y: 1, z: 1}
  m_Children:
  - {fileID: 6020408403226933551}
  m_Father: {fileID: 9208106519083257419}
  m_RootOrder: 0
  m_LocalEulerAnglesHint: {x: 59.189003, y: -36.121002, z: -22.129002}
--- !u!108 &1654647650422480369
Light:
  m_ObjectHideFlags: 0
  m_CorrespondingSourceObject: {fileID: 0}
  m_PrefabInstance: {fileID: 0}
  m_PrefabAsset: {fileID: 0}
  m_GameObject: {fileID: 1654647650422480368}
  m_Enabled: 1
  serializedVersion: 9
  m_Type: 0
  m_Color: {r: 1, g: 0.97564185, b: 0.7877358, a: 1}
  m_Intensity: 5
  m_Range: 15.37
  m_SpotAngle: 49
  m_InnerSpotAngle: 21.80208
  m_CookieSize: 10
  m_Shadows:
    m_Type: 0
    m_Resolution: -1
    m_CustomResolution: -1
    m_Strength: 1
    m_Bias: 0.05
    m_NormalBias: 0.4
    m_NearPlane: 0.2
    m_CullingMatrixOverride:
      e00: 1
      e01: 0
      e02: 0
      e03: 0
      e10: 0
      e11: 1
      e12: 0
      e13: 0
      e20: 0
      e21: 0
      e22: 1
      e23: 0
      e30: 0
      e31: 0
      e32: 0
      e33: 1
    m_UseCullingMatrixOverride: 0
  m_Cookie: {fileID: 0}
  m_DrawHalo: 0
  m_Flare: {fileID: 0}
  m_RenderMode: 0
  m_CullingMask:
    serializedVersion: 2
    m_Bits: 4294967295
  m_RenderingLayerMask: 1
  m_Lightmapping: 4
  m_LightShadowCasterMode: 0
  m_AreaSize: {x: 1, y: 1}
  m_BounceIntensity: 1
  m_ColorTemperature: 6570
  m_UseColorTemperature: 0
  m_BoundingSphereOverride: {x: 0, y: 0, z: 0, w: 0}
  m_UseBoundingSphereOverride: 0
  m_ShadowRadius: 0
  m_ShadowAngle: 0
--- !u!65 &2634508662995243063
BoxCollider:
  m_ObjectHideFlags: 0
  m_CorrespondingSourceObject: {fileID: 0}
  m_PrefabInstance: {fileID: 0}
  m_PrefabAsset: {fileID: 0}
  m_GameObject: {fileID: 3664282515813387935}
  m_Material: {fileID: 0}
  m_IsTrigger: 0
  m_Enabled: 1
  serializedVersion: 2
  m_Size: {x: 2.188994, y: 4.9268813, z: 0.23}
  m_Center: {x: 1.1029744, y: 2.4634407, z: 0}
--- !u!1 &4649810639927823730
GameObject:
  m_ObjectHideFlags: 0
  m_CorrespondingSourceObject: {fileID: 0}
  m_PrefabInstance: {fileID: 0}
  m_PrefabAsset: {fileID: 0}
  serializedVersion: 6
  m_Component:
  - component: {fileID: 2794147300423273636}
  - component: {fileID: 1204085809051552656}
  - component: {fileID: 9168343504159404344}
  m_Layer: 0
  m_Name: Cube
  m_TagString: Untagged
  m_Icon: {fileID: 0}
  m_NavMeshLayer: 0
  m_StaticEditorFlags: 0
  m_IsActive: 0
--- !u!4 &2794147300423273636
Transform:
  m_ObjectHideFlags: 0
  m_CorrespondingSourceObject: {fileID: 0}
  m_PrefabInstance: {fileID: 0}
  m_PrefabAsset: {fileID: 0}
  m_GameObject: {fileID: 4649810639927823730}
  m_LocalRotation: {x: 0, y: 0, z: 0, w: 1}
  m_LocalPosition: {x: -0.008, y: 2.479, z: 4.64}
  m_LocalScale: {x: 2.0698204, y: 4.801226, z: 2.697085}
  m_Children: []
  m_Father: {fileID: 1654647648700385043}
  m_RootOrder: 4
  m_LocalEulerAnglesHint: {x: 0, y: 0, z: 0}
--- !u!33 &1204085809051552656
MeshFilter:
  m_ObjectHideFlags: 0
  m_CorrespondingSourceObject: {fileID: 0}
  m_PrefabInstance: {fileID: 0}
  m_PrefabAsset: {fileID: 0}
  m_GameObject: {fileID: 4649810639927823730}
  m_Mesh: {fileID: 10202, guid: 0000000000000000e000000000000000, type: 0}
--- !u!23 &9168343504159404344
MeshRenderer:
  m_ObjectHideFlags: 0
  m_CorrespondingSourceObject: {fileID: 0}
  m_PrefabInstance: {fileID: 0}
  m_PrefabAsset: {fileID: 0}
  m_GameObject: {fileID: 4649810639927823730}
  m_Enabled: 1
  m_CastShadows: 1
  m_ReceiveShadows: 1
  m_DynamicOccludee: 1
  m_MotionVectors: 1
  m_LightProbeUsage: 1
  m_ReflectionProbeUsage: 1
  m_RenderingLayerMask: 1
  m_RendererPriority: 0
  m_Materials:
  - {fileID: 2100000, guid: 4c0b1bf4b2bf44e62849c7343c707389, type: 2}
  m_StaticBatchInfo:
    firstSubMesh: 0
    subMeshCount: 0
  m_StaticBatchRoot: {fileID: 0}
  m_ProbeAnchor: {fileID: 0}
  m_LightProbeVolumeOverride: {fileID: 0}
  m_ScaleInLightmap: 1
  m_ReceiveGI: 1
  m_PreserveUVs: 0
  m_IgnoreNormalsForChartDetection: 0
  m_ImportantGI: 0
  m_StitchLightmapSeams: 1
  m_SelectedEditorRenderState: 3
  m_MinimumChartSize: 4
  m_AutoUVMaxDistance: 0.5
  m_AutoUVMaxAngle: 89
  m_LightmapParameters: {fileID: 0}
  m_SortingLayerID: 0
  m_SortingLayer: 0
  m_SortingOrder: 0
--- !u!65 &2132823097251640710
BoxCollider:
  m_ObjectHideFlags: 0
  m_CorrespondingSourceObject: {fileID: 0}
  m_PrefabInstance: {fileID: 0}
  m_PrefabAsset: {fileID: 0}
  m_GameObject: {fileID: 4849804864377982370}
  m_Material: {fileID: 0}
  m_IsTrigger: 0
  m_Enabled: 1
  serializedVersion: 2
  m_Size: {x: 0.92655313, y: 4.9326854, z: 25}
  m_Center: {x: 1.0367234, y: 2.4403756, z: 12.5}
--- !u!65 &8962062989912721819
BoxCollider:
  m_ObjectHideFlags: 0
  m_CorrespondingSourceObject: {fileID: 0}
  m_PrefabInstance: {fileID: 0}
  m_PrefabAsset: {fileID: 0}
  m_GameObject: {fileID: 4849804864377982370}
  m_Material: {fileID: 0}
  m_IsTrigger: 0
  m_Enabled: 1
  serializedVersion: 2
  m_Size: {x: 0.9032592, y: 4.9326854, z: 25}
  m_Center: {x: -1.0483704, y: 2.4403756, z: 12.5}
--- !u!1 &7158956379822868041
GameObject:
  m_ObjectHideFlags: 0
  m_CorrespondingSourceObject: {fileID: 0}
  m_PrefabInstance: {fileID: 0}
  m_PrefabAsset: {fileID: 0}
  serializedVersion: 6
  m_Component:
  - component: {fileID: 9208106519083257419}
  m_Layer: 0
  m_Name: pivot_Spotlight
  m_TagString: Untagged
  m_Icon: {fileID: 0}
  m_NavMeshLayer: 0
  m_StaticEditorFlags: 0
  m_IsActive: 1
--- !u!4 &9208106519083257419
Transform:
  m_ObjectHideFlags: 0
  m_CorrespondingSourceObject: {fileID: 0}
  m_PrefabInstance: {fileID: 0}
  m_PrefabAsset: {fileID: 0}
  m_GameObject: {fileID: 7158956379822868041}
  m_LocalRotation: {x: 0, y: 0, z: 0, w: 1}
  m_LocalPosition: {x: 0, y: 0, z: 0}
  m_LocalScale: {x: 1, y: 1, z: 1}
  m_Children:
  - {fileID: 1654647650422480370}
  m_Father: {fileID: 1654647648700385043}
  m_RootOrder: 0
  m_LocalEulerAnglesHint: {x: 0, y: 0, z: 0}
--- !u!1 &7783874699846553023
GameObject:
  m_ObjectHideFlags: 0
  m_CorrespondingSourceObject: {fileID: 0}
  m_PrefabInstance: {fileID: 0}
  m_PrefabAsset: {fileID: 0}
  serializedVersion: 6
  m_Component:
  - component: {fileID: 7594607460694672049}
  - component: {fileID: 2088625806621556943}
  - component: {fileID: 3060774786317314247}
  - component: {fileID: 7870124161485507434}
  - component: {fileID: 3081568890629921488}
  m_Layer: 0
  m_Name: tunnelTrigger
  m_TagString: Untagged
  m_Icon: {fileID: 0}
  m_NavMeshLayer: 0
  m_StaticEditorFlags: 0
  m_IsActive: 1
--- !u!4 &7594607460694672049
Transform:
  m_ObjectHideFlags: 0
  m_CorrespondingSourceObject: {fileID: 0}
  m_PrefabInstance: {fileID: 0}
  m_PrefabAsset: {fileID: 0}
  m_GameObject: {fileID: 7783874699846553023}
  m_LocalRotation: {x: 0, y: 0, z: 0, w: 1}
  m_LocalPosition: {x: 0, y: 2.25, z: 16.02}
  m_LocalScale: {x: 4.2494497, y: 5.02608, z: 1.85}
  m_Children: []
  m_Father: {fileID: 1654647648700385043}
  m_RootOrder: 6
  m_LocalEulerAnglesHint: {x: 0, y: 0, z: 0}
--- !u!33 &2088625806621556943
MeshFilter:
  m_ObjectHideFlags: 0
  m_CorrespondingSourceObject: {fileID: 0}
  m_PrefabInstance: {fileID: 0}
  m_PrefabAsset: {fileID: 0}
  m_GameObject: {fileID: 7783874699846553023}
  m_Mesh: {fileID: 10202, guid: 0000000000000000e000000000000000, type: 0}
--- !u!23 &3060774786317314247
MeshRenderer:
  m_ObjectHideFlags: 0
  m_CorrespondingSourceObject: {fileID: 0}
  m_PrefabInstance: {fileID: 0}
  m_PrefabAsset: {fileID: 0}
  m_GameObject: {fileID: 7783874699846553023}
  m_Enabled: 0
  m_CastShadows: 1
  m_ReceiveShadows: 1
  m_DynamicOccludee: 1
  m_MotionVectors: 1
  m_LightProbeUsage: 1
  m_ReflectionProbeUsage: 1
  m_RenderingLayerMask: 1
  m_RendererPriority: 0
  m_Materials:
  - {fileID: 10303, guid: 0000000000000000f000000000000000, type: 0}
  m_StaticBatchInfo:
    firstSubMesh: 0
    subMeshCount: 0
  m_StaticBatchRoot: {fileID: 0}
  m_ProbeAnchor: {fileID: 0}
  m_LightProbeVolumeOverride: {fileID: 0}
  m_ScaleInLightmap: 1
  m_ReceiveGI: 1
  m_PreserveUVs: 0
  m_IgnoreNormalsForChartDetection: 0
  m_ImportantGI: 0
  m_StitchLightmapSeams: 1
  m_SelectedEditorRenderState: 3
  m_MinimumChartSize: 4
  m_AutoUVMaxDistance: 0.5
  m_AutoUVMaxAngle: 89
  m_LightmapParameters: {fileID: 0}
  m_SortingLayerID: 0
  m_SortingLayer: 0
  m_SortingOrder: 0
--- !u!65 &7870124161485507434
BoxCollider:
  m_ObjectHideFlags: 0
  m_CorrespondingSourceObject: {fileID: 0}
  m_PrefabInstance: {fileID: 0}
  m_PrefabAsset: {fileID: 0}
  m_GameObject: {fileID: 7783874699846553023}
  m_Material: {fileID: 0}
  m_IsTrigger: 1
  m_Enabled: 1
  serializedVersion: 2
  m_Size: {x: 1, y: 1, z: 1}
  m_Center: {x: 0, y: 0, z: 0}
--- !u!114 &3081568890629921488
MonoBehaviour:
  m_ObjectHideFlags: 0
  m_CorrespondingSourceObject: {fileID: 0}
  m_PrefabInstance: {fileID: 0}
  m_PrefabAsset: {fileID: 0}
  m_GameObject: {fileID: 7783874699846553023}
  m_Enabled: 1
  m_EditorHideFlags: 0
  m_Script: {fileID: 11500000, guid: 56c5e45e466374de39b2bc9183c0a68e, type: 3}
  m_Name: 
  m_EditorClassIdentifier: 
  Type: 1
  GameController: {fileID: 0}
--- !u!1001 &1654647648755880501
PrefabInstance:
  m_ObjectHideFlags: 0
  serializedVersion: 2
  m_Modification:
    m_TransformParent: {fileID: 1654647650422480370}
    m_Modifications:
    - target: {fileID: -927199367670048503, guid: 005f48206e4e3486f92ac4857ff88c20,
        type: 3}
      propertyPath: m_Name
      value: spotlightCone
      objectReference: {fileID: 0}
    - target: {fileID: -927199367670048503, guid: 005f48206e4e3486f92ac4857ff88c20,
        type: 3}
      propertyPath: m_IsActive
      value: 0
      objectReference: {fileID: 0}
    - target: {fileID: -4216859302048453862, guid: 005f48206e4e3486f92ac4857ff88c20,
        type: 3}
      propertyPath: m_LocalPosition.x
      value: 0
      objectReference: {fileID: 0}
    - target: {fileID: -4216859302048453862, guid: 005f48206e4e3486f92ac4857ff88c20,
        type: 3}
      propertyPath: m_LocalPosition.y
      value: 0
      objectReference: {fileID: 0}
    - target: {fileID: -4216859302048453862, guid: 005f48206e4e3486f92ac4857ff88c20,
        type: 3}
      propertyPath: m_LocalPosition.z
      value: 1.0099995
      objectReference: {fileID: 0}
    - target: {fileID: -4216859302048453862, guid: 005f48206e4e3486f92ac4857ff88c20,
        type: 3}
      propertyPath: m_LocalRotation.x
      value: 0
      objectReference: {fileID: 0}
    - target: {fileID: -4216859302048453862, guid: 005f48206e4e3486f92ac4857ff88c20,
        type: 3}
      propertyPath: m_LocalRotation.y
      value: 1
      objectReference: {fileID: 0}
    - target: {fileID: -4216859302048453862, guid: 005f48206e4e3486f92ac4857ff88c20,
        type: 3}
      propertyPath: m_LocalRotation.z
      value: 0
      objectReference: {fileID: 0}
    - target: {fileID: -4216859302048453862, guid: 005f48206e4e3486f92ac4857ff88c20,
        type: 3}
      propertyPath: m_LocalRotation.w
      value: 0
      objectReference: {fileID: 0}
    - target: {fileID: -4216859302048453862, guid: 005f48206e4e3486f92ac4857ff88c20,
        type: 3}
      propertyPath: m_RootOrder
      value: 0
      objectReference: {fileID: 0}
    - target: {fileID: -4216859302048453862, guid: 005f48206e4e3486f92ac4857ff88c20,
        type: 3}
      propertyPath: m_LocalEulerAnglesHint.x
      value: 0
      objectReference: {fileID: 0}
    - target: {fileID: -4216859302048453862, guid: 005f48206e4e3486f92ac4857ff88c20,
        type: 3}
      propertyPath: m_LocalEulerAnglesHint.y
      value: 180
      objectReference: {fileID: 0}
    - target: {fileID: -4216859302048453862, guid: 005f48206e4e3486f92ac4857ff88c20,
        type: 3}
      propertyPath: m_LocalEulerAnglesHint.z
      value: 0
      objectReference: {fileID: 0}
    - target: {fileID: -4216859302048453862, guid: 005f48206e4e3486f92ac4857ff88c20,
        type: 3}
      propertyPath: m_LocalScale.z
      value: 4.1371655
      objectReference: {fileID: 0}
    - target: {fileID: -4216859302048453862, guid: 005f48206e4e3486f92ac4857ff88c20,
        type: 3}
      propertyPath: m_LocalScale.x
      value: 3.6698613
      objectReference: {fileID: 0}
    - target: {fileID: -4216859302048453862, guid: 005f48206e4e3486f92ac4857ff88c20,
        type: 3}
      propertyPath: m_LocalScale.y
      value: 3.669859
      objectReference: {fileID: 0}
    - target: {fileID: -1504981713932161579, guid: 005f48206e4e3486f92ac4857ff88c20,
        type: 3}
      propertyPath: m_Materials.Array.data[0]
      value: 
      objectReference: {fileID: 2100000, guid: bb7bc283e03544eb69cc1a6fb2de1c0e, type: 2}
    - target: {fileID: -1504981713932161579, guid: 005f48206e4e3486f92ac4857ff88c20,
        type: 3}
      propertyPath: m_ReceiveShadows
      value: 0
      objectReference: {fileID: 0}
    - target: {fileID: -1504981713932161579, guid: 005f48206e4e3486f92ac4857ff88c20,
        type: 3}
      propertyPath: m_CastShadows
      value: 0
      objectReference: {fileID: 0}
    - target: {fileID: -1504981713932161579, guid: 005f48206e4e3486f92ac4857ff88c20,
        type: 3}
      propertyPath: m_DynamicOccludee
      value: 1
      objectReference: {fileID: 0}
    m_RemovedComponents: []
  m_SourcePrefab: {fileID: 100100000, guid: 005f48206e4e3486f92ac4857ff88c20, type: 3}
--- !u!1 &7338492806035983164 stripped
GameObject:
  m_CorrespondingSourceObject: {fileID: -927199367670048503, guid: 005f48206e4e3486f92ac4857ff88c20,
    type: 3}
  m_PrefabInstance: {fileID: 1654647648755880501}
  m_PrefabAsset: {fileID: 0}
--- !u!4 &6020408403226933551 stripped
Transform:
  m_CorrespondingSourceObject: {fileID: -4216859302048453862, guid: 005f48206e4e3486f92ac4857ff88c20,
    type: 3}
  m_PrefabInstance: {fileID: 1654647648755880501}
  m_PrefabAsset: {fileID: 0}
--- !u!1001 &3489193232992654507
PrefabInstance:
  m_ObjectHideFlags: 0
  serializedVersion: 2
  m_Modification:
    m_TransformParent: {fileID: 1654647648700385043}
    m_Modifications:
    - target: {fileID: -927199367670048503, guid: 62cf39787e1904032816a14e755fb74d,
        type: 3}
      propertyPath: m_Name
      value: tunnelBox
      objectReference: {fileID: 0}
    - target: {fileID: -4216859302048453862, guid: 62cf39787e1904032816a14e755fb74d,
        type: 3}
      propertyPath: m_LocalPosition.x
      value: 0
      objectReference: {fileID: 0}
    - target: {fileID: -4216859302048453862, guid: 62cf39787e1904032816a14e755fb74d,
        type: 3}
      propertyPath: m_LocalPosition.y
      value: 0.1
      objectReference: {fileID: 0}
    - target: {fileID: -4216859302048453862, guid: 62cf39787e1904032816a14e755fb74d,
        type: 3}
      propertyPath: m_LocalPosition.z
      value: 3.43
      objectReference: {fileID: 0}
    - target: {fileID: -4216859302048453862, guid: 62cf39787e1904032816a14e755fb74d,
        type: 3}
      propertyPath: m_LocalRotation.x
      value: 0
      objectReference: {fileID: 0}
    - target: {fileID: -4216859302048453862, guid: 62cf39787e1904032816a14e755fb74d,
        type: 3}
      propertyPath: m_LocalRotation.y
      value: 0
      objectReference: {fileID: 0}
    - target: {fileID: -4216859302048453862, guid: 62cf39787e1904032816a14e755fb74d,
        type: 3}
      propertyPath: m_LocalRotation.z
      value: 0
      objectReference: {fileID: 0}
    - target: {fileID: -4216859302048453862, guid: 62cf39787e1904032816a14e755fb74d,
        type: 3}
      propertyPath: m_LocalRotation.w
      value: 1
      objectReference: {fileID: 0}
    - target: {fileID: -4216859302048453862, guid: 62cf39787e1904032816a14e755fb74d,
        type: 3}
      propertyPath: m_RootOrder
      value: 5
      objectReference: {fileID: 0}
    - target: {fileID: -4216859302048453862, guid: 62cf39787e1904032816a14e755fb74d,
        type: 3}
      propertyPath: m_LocalEulerAnglesHint.x
      value: 0
      objectReference: {fileID: 0}
    - target: {fileID: -4216859302048453862, guid: 62cf39787e1904032816a14e755fb74d,
        type: 3}
      propertyPath: m_LocalEulerAnglesHint.y
      value: 0
      objectReference: {fileID: 0}
    - target: {fileID: -4216859302048453862, guid: 62cf39787e1904032816a14e755fb74d,
        type: 3}
      propertyPath: m_LocalEulerAnglesHint.z
      value: 0
      objectReference: {fileID: 0}
    - target: {fileID: -4216859302048453862, guid: 62cf39787e1904032816a14e755fb74d,
        type: 3}
      propertyPath: m_LocalScale.y
      value: 0.9625
      objectReference: {fileID: 0}
    - target: {fileID: -1504981713932161579, guid: 62cf39787e1904032816a14e755fb74d,
        type: 3}
      propertyPath: m_Materials.Array.data[0]
      value: 
      objectReference: {fileID: 2100000, guid: 4c0b1bf4b2bf44e62849c7343c707389, type: 2}
    m_RemovedComponents: []
  m_SourcePrefab: {fileID: 100100000, guid: 62cf39787e1904032816a14e755fb74d, type: 3}
--- !u!1 &4849804864377982370 stripped
GameObject:
  m_CorrespondingSourceObject: {fileID: -927199367670048503, guid: 62cf39787e1904032816a14e755fb74d,
    type: 3}
  m_PrefabInstance: {fileID: 3489193232992654507}
  m_PrefabAsset: {fileID: 0}
--- !u!4 &8437122321786929073 stripped
Transform:
  m_CorrespondingSourceObject: {fileID: -4216859302048453862, guid: 62cf39787e1904032816a14e755fb74d,
    type: 3}
  m_PrefabInstance: {fileID: 3489193232992654507}
  m_PrefabAsset: {fileID: 0}
--- !u!1001 &4754614415799883670
PrefabInstance:
  m_ObjectHideFlags: 0
  serializedVersion: 2
  m_Modification:
    m_TransformParent: {fileID: 1654647648700385043}
    m_Modifications:
    - target: {fileID: -927199367670048503, guid: 5a58dfbe899184207a2eda7a8521cae5,
        type: 3}
      propertyPath: m_Name
      value: doors (1)
      objectReference: {fileID: 0}
    - target: {fileID: -4216859302048453862, guid: 5a58dfbe899184207a2eda7a8521cae5,
        type: 3}
      propertyPath: m_LocalPosition.x
      value: -1.11
      objectReference: {fileID: 0}
    - target: {fileID: -4216859302048453862, guid: 5a58dfbe899184207a2eda7a8521cae5,
        type: 3}
      propertyPath: m_LocalPosition.y
      value: 0
      objectReference: {fileID: 0}
    - target: {fileID: -4216859302048453862, guid: 5a58dfbe899184207a2eda7a8521cae5,
        type: 3}
      propertyPath: m_LocalPosition.z
      value: 3.29
      objectReference: {fileID: 0}
    - target: {fileID: -4216859302048453862, guid: 5a58dfbe899184207a2eda7a8521cae5,
        type: 3}
      propertyPath: m_LocalRotation.x
      value: 0
      objectReference: {fileID: 0}
    - target: {fileID: -4216859302048453862, guid: 5a58dfbe899184207a2eda7a8521cae5,
        type: 3}
      propertyPath: m_LocalRotation.y
      value: 0
      objectReference: {fileID: 0}
    - target: {fileID: -4216859302048453862, guid: 5a58dfbe899184207a2eda7a8521cae5,
        type: 3}
      propertyPath: m_LocalRotation.z
      value: 0
      objectReference: {fileID: 0}
    - target: {fileID: -4216859302048453862, guid: 5a58dfbe899184207a2eda7a8521cae5,
        type: 3}
      propertyPath: m_LocalRotation.w
      value: 1
      objectReference: {fileID: 0}
    - target: {fileID: -4216859302048453862, guid: 5a58dfbe899184207a2eda7a8521cae5,
        type: 3}
      propertyPath: m_RootOrder
      value: 1
      objectReference: {fileID: 0}
    - target: {fileID: -4216859302048453862, guid: 5a58dfbe899184207a2eda7a8521cae5,
        type: 3}
      propertyPath: m_LocalEulerAnglesHint.x
      value: 0
      objectReference: {fileID: 0}
    - target: {fileID: -4216859302048453862, guid: 5a58dfbe899184207a2eda7a8521cae5,
        type: 3}
      propertyPath: m_LocalEulerAnglesHint.y
      value: 0
      objectReference: {fileID: 0}
    - target: {fileID: -4216859302048453862, guid: 5a58dfbe899184207a2eda7a8521cae5,
        type: 3}
      propertyPath: m_LocalEulerAnglesHint.z
      value: 0
      objectReference: {fileID: 0}
    - target: {fileID: -4216859302048453862, guid: 5a58dfbe899184207a2eda7a8521cae5,
        type: 3}
      propertyPath: m_LocalScale.x
      value: 1
      objectReference: {fileID: 0}
    - target: {fileID: -4216859302048453862, guid: 5a58dfbe899184207a2eda7a8521cae5,
        type: 3}
      propertyPath: m_LocalScale.y
      value: 1
      objectReference: {fileID: 0}
    - target: {fileID: -4216859302048453862, guid: 5a58dfbe899184207a2eda7a8521cae5,
        type: 3}
      propertyPath: m_LocalScale.z
      value: 1
      objectReference: {fileID: 0}
    m_RemovedComponents: []
  m_SourcePrefab: {fileID: 100100000, guid: 5a58dfbe899184207a2eda7a8521cae5, type: 3}
--- !u!4 &324677332263353484 stripped
Transform:
  m_CorrespondingSourceObject: {fileID: -4216859302048453862, guid: 5a58dfbe899184207a2eda7a8521cae5,
    type: 3}
  m_PrefabInstance: {fileID: 4754614415799883670}
  m_PrefabAsset: {fileID: 0}
--- !u!1 &3664282515813387935 stripped
GameObject:
  m_CorrespondingSourceObject: {fileID: -927199367670048503, guid: 5a58dfbe899184207a2eda7a8521cae5,
    type: 3}
  m_PrefabInstance: {fileID: 4754614415799883670}
  m_PrefabAsset: {fileID: 0}
--- !u!1001 &9149959694196934426
PrefabInstance:
  m_ObjectHideFlags: 0
  serializedVersion: 2
  m_Modification:
    m_TransformParent: {fileID: 1654647648700385043}
    m_Modifications:
    - target: {fileID: -927199367670048503, guid: 9c02904e7a86d4d47a17be247057137a,
        type: 3}
      propertyPath: m_Name
      value: podium (1)
      objectReference: {fileID: 0}
    - target: {fileID: -4216859302048453862, guid: 9c02904e7a86d4d47a17be247057137a,
        type: 3}
      propertyPath: m_LocalPosition.x
      value: 0
      objectReference: {fileID: 0}
    - target: {fileID: -4216859302048453862, guid: 9c02904e7a86d4d47a17be247057137a,
        type: 3}
      propertyPath: m_LocalPosition.y
      value: 0
      objectReference: {fileID: 0}
    - target: {fileID: -4216859302048453862, guid: 9c02904e7a86d4d47a17be247057137a,
        type: 3}
      propertyPath: m_LocalPosition.z
      value: 0
      objectReference: {fileID: 0}
    - target: {fileID: -4216859302048453862, guid: 9c02904e7a86d4d47a17be247057137a,
        type: 3}
      propertyPath: m_LocalRotation.x
      value: -0.7071068
      objectReference: {fileID: 0}
    - target: {fileID: -4216859302048453862, guid: 9c02904e7a86d4d47a17be247057137a,
        type: 3}
      propertyPath: m_LocalRotation.y
      value: 0
      objectReference: {fileID: 0}
    - target: {fileID: -4216859302048453862, guid: 9c02904e7a86d4d47a17be247057137a,
        type: 3}
      propertyPath: m_LocalRotation.z
      value: 0
      objectReference: {fileID: 0}
    - target: {fileID: -4216859302048453862, guid: 9c02904e7a86d4d47a17be247057137a,
        type: 3}
      propertyPath: m_LocalRotation.w
      value: 0.7071068
      objectReference: {fileID: 0}
    - target: {fileID: -4216859302048453862, guid: 9c02904e7a86d4d47a17be247057137a,
        type: 3}
      propertyPath: m_RootOrder
      value: 3
      objectReference: {fileID: 0}
    - target: {fileID: -4216859302048453862, guid: 9c02904e7a86d4d47a17be247057137a,
        type: 3}
      propertyPath: m_LocalEulerAnglesHint.x
      value: -90
      objectReference: {fileID: 0}
    - target: {fileID: -4216859302048453862, guid: 9c02904e7a86d4d47a17be247057137a,
        type: 3}
      propertyPath: m_LocalEulerAnglesHint.y
      value: 0
      objectReference: {fileID: 0}
    - target: {fileID: -4216859302048453862, guid: 9c02904e7a86d4d47a17be247057137a,
        type: 3}
      propertyPath: m_LocalEulerAnglesHint.z
      value: 0
      objectReference: {fileID: 0}
    - target: {fileID: -4216859302048453862, guid: 9c02904e7a86d4d47a17be247057137a,
        type: 3}
      propertyPath: m_LocalScale.x
      value: 1
      objectReference: {fileID: 0}
    - target: {fileID: -4216859302048453862, guid: 9c02904e7a86d4d47a17be247057137a,
        type: 3}
      propertyPath: m_LocalScale.y
      value: 1
      objectReference: {fileID: 0}
    - target: {fileID: -4216859302048453862, guid: 9c02904e7a86d4d47a17be247057137a,
        type: 3}
      propertyPath: m_LocalScale.z
      value: 1
      objectReference: {fileID: 0}
    m_RemovedComponents: []
  m_SourcePrefab: {fileID: 100100000, guid: 9c02904e7a86d4d47a17be247057137a, type: 3}
--- !u!1 &998324446425996819 stripped
GameObject:
  m_CorrespondingSourceObject: {fileID: -927199367670048503, guid: 9c02904e7a86d4d47a17be247057137a,
    type: 3}
  m_PrefabInstance: {fileID: 9149959694196934426}
  m_PrefabAsset: {fileID: 0}
--- !u!4 &4287878828293467136 stripped
Transform:
  m_CorrespondingSourceObject: {fileID: -4216859302048453862, guid: 9c02904e7a86d4d47a17be247057137a,
    type: 3}
  m_PrefabInstance: {fileID: 9149959694196934426}
  m_PrefabAsset: {fileID: 0}
